<?xml version="1.0" encoding="UTF-8" ?>
<collection xmlns:xsi="http://www.w3.org/2001/XMLSchema-instance"
    xsi:schemaLocation="http://www.loc.gov/MARC21/slim
        http://www.loc.gov/standards/marcxml/schema/MARC21slim.xsd"
    xmlns="http://www.loc.gov/MARC21/slim">
<record>
  <leader>00292cam a2200577 ia4500</leader>
  <controlfield tag="001">b12479688</controlfield>
  <controlfield tag="003">LeBAU</controlfield>
  <controlfield tag="005">20130904</controlfield>
  <controlfield tag="008">970607s1904    ua            ||0 0 ara d</controlfield>
  <datafield tag="035" ind1=" " ind2=" ">
    <subfield code="a">ocn784339081</subfield>
  </datafield>
  <datafield tag="040" ind1=" " ind2=" ">
    <subfield code="a">LEAUB</subfield>
    <subfield code="b">ara</subfield>
    <subfield code="e">rda</subfield>
    <subfield code="c">LEAUB</subfield>
    <subfield code="d">LEAUB</subfield>
  </datafield>
  <datafield tag="082" ind1="0" ind2="4">
    <subfield code="a">340.59</subfield>
    <subfield code="2">22</subfield>
  </datafield>
  <datafield tag="100" ind1="1" ind2=" ">
    <subfield code="6">880-01</subfield>
    <subfield code="a">Maḥbūbī, ʻUbayd Allāh ibn Masʻūd,</subfield>
    <subfield code="d">-1346 or 1347,</subfield>
    <subfield code="e">author.</subfield>
  </datafield>
  <datafield tag="245" ind1="1" ind2="0">
    <subfield code="6">880-02</subfield>
    <subfield code="a">Sharḥ al-Tawḍīḥ ʻalá al-Tanqīḥ /</subfield>
    <subfield code="c">li-ṣadr al-sharī‘ah ʻUbayd Allāh ibn Masʻūd. Wa-ʻalayhi al-Talwīh ̣/ lil-Imām Saʻd al-Dīn al-Taftāzānī. Wa-ḥāshiyat al-Fanarī ʻalá al-Talwīh. Wa-ḥāshiyat Mullā Khusrū wa-Abd al-Ḥakīm ʻalayhi ayḍan.</subfield>
  </datafield>
  <datafield tag="250" ind1=" " ind2=" ">
    <subfield code="6">880-03</subfield>
    <subfield code="a">al-Ṭab‘ah al-ūlá.</subfield>
  </datafield>
  <datafield tag="264" ind1=" " ind2="1">
    <subfield code="6">880-04</subfield>
    <subfield code="a">Miṣr :</subfield>
    <subfield code="b">al-Maṭbaʻah al-Khayrīyah,</subfield>
    <subfield code="c">1322 H., [1904? H.]</subfield>
  </datafield>
  <datafield tag="300" ind1=" " ind2=" ">
    <subfield code="6">880-05</subfield>
    <subfield code="a">2 volumes ;</subfield>
    <subfield code="c">28 cm</subfield>
  </datafield>
  <datafield tag="336" ind1=" " ind2=" ">
    <subfield code="a">text</subfield>
    <subfield code="b">txt</subfield>
    <subfield code="2">rdacontent</subfield>
  </datafield>
  <datafield tag="337" ind1=" " ind2=" ">
    <subfield code="a">unmediated</subfield>
    <subfield code="b">n</subfield>
    <subfield code="2">rdamedia</subfield>
  </datafield>
  <datafield tag="338" ind1=" " ind2=" ">
    <subfield code="a">volume</subfield>
    <subfield code="b">nc</subfield>
    <subfield code="2">rdacarrier</subfield>
  </datafield>
  <datafield tag="500" ind1=" " ind2=" ">
    <subfield code="a">3 أجزاء ببليوغرافية في 2 جزء مادي.</subfield>
  </datafield>
  <datafield tag="500" ind1=" " ind2=" ">
    <subfield code="a">"قد قدمنا في أول صلب الصحيفة التلويح ويليه حاشية الفنري ثم يليه حاشية ملا خسرو وحاشية عبد الحكيم مفصولاً بينها بجدول وفي أول الهامش شرح التوضيح على التنقيح ويليه حاشية المرجاني مفصولاً بينهما بجدول."</subfield>
  </datafield>
  <datafield tag="600" ind1="1" ind2="4">
    <subfield code="a">المحبوبي، عبيد الله بن مسعود،</subfield>
    <subfield code="d">-1346 1347او.</subfield>
    <subfield code="t">التنقيح في أصول الفقه.</subfield>
  </datafield>
  <datafield tag="600" ind1="1" ind2="4">
    <subfield code="a">التفتازاني، مسعود بن عمر،</subfield>
    <subfield code="d">1322-1389؟.</subfield>
    <subfield code="t">التلويح على التوضيح.</subfield>
  </datafield>
  <datafield tag="600" ind1="1" ind2="0">
    <subfield code="a">Maḥbūbī, ʻUbayd Allāh ibn Masʻūd,</subfield>
    <subfield code="d">-1346 or 1347.</subfield>
    <subfield code="t">Tanqīḥ fī uṣūl al-fiqh.</subfield>
  </datafield>
  <datafield tag="600" ind1="1" ind2="0">
    <subfield code="a">Taftāzānī, Masʻūd ibn ʻUmar,</subfield>
    <subfield code="d">1322-1389?</subfield>
    <subfield code="t">Talwīḥ ʻalá al-Tawḍīḥ.</subfield>
  </datafield>
  <datafield tag="650" ind1=" " ind2="4">
    <subfield code="a">المذهب الحنفي</subfield>
    <subfield code="v">اعمال قديمة حتى 1800.</subfield>
  </datafield>
  <datafield tag="650" ind1=" " ind2="4">
    <subfield code="a">المذهب الشافعي</subfield>
    <subfield code="v">اعمال قديمة حتى 1800.</subfield>
  </datafield>
  <datafield tag="650" ind1=" " ind2="4">
    <subfield code="a">الفقه الاسلامي</subfield>
    <subfield code="x">تفسير وبنية</subfield>
    <subfield code="v">اعمال قديمة حتى 1800.</subfield>
  </datafield>
  <datafield tag="650" ind1=" " ind2="0">
    <subfield code="a">Hanafites</subfield>
    <subfield code="v">Early works to 1800.</subfield>
  </datafield>
  <datafield tag="650" ind1=" " ind2="0">
    <subfield code="a">Shafiites</subfield>
    <subfield code="v">Early works to 1800.</subfield>
  </datafield>
  <datafield tag="650" ind1=" " ind2="0">
    <subfield code="a">Islamic law</subfield>
    <subfield code="x">Interpretation and construction</subfield>
    <subfield code="v">Early works to 1800.</subfield>
  </datafield>
  <datafield tag="700" ind1="1" ind2="2">
    <subfield code="6">880-06</subfield>
    <subfield code="a">Taftāzānī, Masʻūd ibn ʻUmar,</subfield>
    <subfield code="d">1322-1389?</subfield>
    <subfield code="t">Talwīḥ ʻalá al-Tawḍīḥ.</subfield>
  </datafield>
  <datafield tag="700" ind1="1" ind2="2">
    <subfield code="6">880-07</subfield>
    <subfield code="a">Fanārī, Ḥasan ibn Muḥammad Shāh,</subfield>
    <subfield code="d">1436 or 1437-1481 or 1482.</subfield>
    <subfield code="t">Ḥāshiyah ʻalá al-Talwīḥ.</subfield>
  </datafield>
  <datafield tag="700" ind1="1" ind2="2">
    <subfield code="6">880-08</subfield>
    <subfield code="a">Hüsrev,</subfield>
    <subfield code="c">Molla,</subfield>
    <subfield code="d">-1480.</subfield>
    <subfield code="t">Ḥāshiyah ʻalá al-Talwīḥ.</subfield>
  </datafield>
  <datafield tag="700" ind1="1" ind2="2">
    <subfield code="6">880-09</subfield>
    <subfield code="a">Afghānī, ʻAbd al-Ḥakīm,</subfield>
    <subfield code="d">1835 or 1836-1908 or 1909.</subfield>
    <subfield code="t">Ḥāshiyah ʻalá al-Talwīḥ.</subfield>
  </datafield>
  <datafield tag="852" ind1=" " ind2=" ">
    <subfield code="a">Jafet Library</subfield>
    <subfield code="e">American University of Beirut, Bliss Street , Beirut, Lebanon.</subfield>
  </datafield>
  <datafield tag="880" ind1="1" ind2=" ">
    <subfield code="6">100-01/(3/r</subfield>
    <subfield code="a">المحبوبي، عبيد الله بن مسعود،</subfield>
    <subfield code="d">-1346 او 1347،</subfield>
    <subfield code="e">مؤلف. </subfield>
    <subfield code="4">aut.</subfield>
  </datafield>
  <datafield tag="880" ind1="1" ind2="0">
    <subfield code="6">245-02/(3/r</subfield>
    <subfield code="a">شرح التوضيح على التنقيح /</subfield>
    <subfield code="c">لصدر الشريعة عبيد الله بن مسعود. وعليه التلويح / للإمام سعد الدين التفتازاني. وحاشية الفنري على التلويح. وحاشية ملا خسرو وعبد الحكيم عليه أيضأً.</subfield>
  </datafield>
  <datafield tag="880" ind1=" " ind2=" ">
    <subfield code="6">250-03/(3/r</subfield>
    <subfield code="a">الطبعة الأولى.</subfield>
  </datafield>
  <datafield tag="880" ind1=" " ind2="1">
    <subfield code="6">264-04/(3/r</subfield>
    <subfield code="a">مصر :</subfield>
    <subfield code="b">المطبعة الخيرية،</subfield>
    <subfield code="c">1322هـ.، [1904؟ م.]</subfield>
  </datafield>
  <datafield tag="880" ind1=" " ind2=" ">
    <subfield code="6">300-05/(3/r</subfield>
    <subfield code="a">2 جزء ؛</subfield>
    <subfield code="c">28 سم</subfield>
  </datafield>
  <datafield tag="880" ind1="1" ind2="2">
    <subfield code="6">700-06/(3/r</subfield>
    <subfield code="a">التفتازاني، مسعود بن عمر،</subfield>
    <subfield code="d">1322-1389؟.</subfield>
    <subfield code="t">التلويح على التوضيح.</subfield>
  </datafield>
  <datafield tag="880" ind1="1" ind2="2">
    <subfield code="6">700-07/(3/r</subfield>
    <subfield code="a">الفناري، حسن بن محمد شاه،</subfield>
    <subfield code="d">1436 او 1437-1481 او 1482.</subfield>
    <subfield code="t">حاشية على التلويح.</subfield>
  </datafield>
  <datafield tag="880" ind1="1" ind2="2">
    <subfield code="6">700-08/(3/r</subfield>
    <subfield code="a">خسرو،</subfield>
    <subfield code="c">ملا،</subfield>
    <subfield code="d">-1480.</subfield>
    <subfield code="t">حاشية على التلويح.</subfield>
  </datafield>
  <datafield tag="880" ind1="1" ind2="2">
    <subfield code="6">700-09/(3/r</subfield>
    <subfield code="a">الافغاني، عبد الحكيم،</subfield>
    <subfield code="d">1835 او 1836-1908 او 1909.</subfield>
    <subfield code="t">حاشية على التلويح.</subfield>
  </datafield>
  <datafield tag="907" ind1=" " ind2=" ">
    <subfield code="a">.b12479688</subfield>
    <subfield code="b">16-11-07</subfield>
    <subfield code="c">11-05-24</subfield>
  </datafield>
  <datafield tag="907" ind1=" " ind2=" ">
    <subfield code="a">.b12479688</subfield>
    <subfield code="b">15-10-15</subfield>
    <subfield code="c">11-05-24</subfield>
  </datafield>
  <datafield tag="945" ind1=" " ind2=" ">
    <subfield code="f">J</subfield>
    <subfield code="a">340.59:S126tA:v.1:c.1</subfield>
    <subfield code="g">1</subfield>
    <subfield code="i">01025241</subfield>
    <subfield code="j">.i12965601</subfield>
    <subfield code="l">u0503</subfield>
  </datafield>
  <datafield tag="945" ind1=" " ind2=" ">
    <subfield code="f">J</subfield>
    <subfield code="a">340.59:S126tA:v.2-3:c.1</subfield>
    <subfield code="g">1</subfield>
    <subfield code="i">01025242</subfield>
    <subfield code="j">.i12965613</subfield>
    <subfield code="l">u0503</subfield>
  </datafield>
  <datafield tag="998" ind1=" " ind2=" ">
    <subfield code="a">u05</subfield>
    <subfield code="b">97-06-07</subfield>
    <subfield code="c">m</subfield>
    <subfield code="d">a</subfield>
    <subfield code="e">-</subfield>
    <subfield code="f">ara</subfield>
    <subfield code="g">ua </subfield>
    <subfield code="h">0</subfield>
    <subfield code="i">2</subfield>
  </datafield>
</record>
</collection>
